<record><leader>00000cas a2200000 i 4500</leader><controlfield tag="001">840680059</controlfield><controlfield tag="006">m     o  d        </controlfield><controlfield tag="007">cr |||||||||||</controlfield><controlfield tag="008">130424d18411843iluwn ne      0   a0eng  </controlfield><datafield ind1=" " ind2=" " tag="010"><subfield code="a">  2013218761</subfield></datafield><datafield ind1=" " ind2=" " tag="040"><subfield code="a">DLC</subfield><subfield code="b">eng</subfield><subfield code="e">rda</subfield><subfield code="c">DLC</subfield><subfield code="d">DLC</subfield><subfield code="d">OCLCQ</subfield><subfield code="d">OCLCF</subfield></datafield><datafield ind1="0" ind2=" " tag="022"><subfield code="a">2328-5958</subfield><subfield code="2">1</subfield></datafield><datafield ind1=" " ind2=" " tag="042"><subfield code="a">pcc</subfield><subfield code="a">nsdp</subfield></datafield><datafield ind1=" " ind2=" " tag="043"><subfield code="a">n-us-il</subfield></datafield><datafield ind1="1" ind2="0" tag="050"><subfield code="a">ISSN RECORD</subfield></datafield><datafield ind1="0" ind2="0" tag="082"><subfield code="a">071</subfield><subfield code="2">23</subfield></datafield><datafield ind1="0" ind2=" " tag="130"><subfield code="a">Illinois free trader and LaSalle County commercial advertiser (Online)</subfield></datafield><datafield ind1=" " ind2="4" tag="222"><subfield code="a">The Illinois free trader and LaSalle County commercial advertiser</subfield><subfield code="b">(Online)</subfield></datafield><datafield ind1="1" ind2="4" tag="245"><subfield code="a">The Illinois free trader and LaSalle County commercial advertiser.</subfield></datafield><datafield ind1="1" ind2="7" tag="246"><subfield code="a">Illinois free trader</subfield></datafield><datafield ind1="1" ind2=" " tag="246"><subfield code="i">Publisher's box:</subfield><subfield code="a">Free trader</subfield></datafield><datafield ind1="2" ind2=" " tag="260"><subfield code="3">June 24-&lt;July 1&gt;, 1842</subfield><subfield code="a">Ottawa, Ill. :</subfield><subfield code="b">Geo F. Weaver</subfield></datafield><datafield ind1="2" ind2=" " tag="260"><subfield code="3">&lt;July 15-July 22, 1842&gt;</subfield><subfield code="a">Ottawa, Ill. :</subfield><subfield code="b">Geo. F. Weaver &amp; John Hise</subfield></datafield><datafield ind1="3" ind2=" " tag="260"><subfield code="3">&lt;Aug. 5, 1842&gt;-Sept. 29, 1842</subfield><subfield code="a">Ottawa, Ill. :</subfield><subfield code="b">John Hise &amp; William Osman</subfield></datafield><datafield ind1=" " ind2="1" tag="264"><subfield code="a">Ottawa, Illinois. :</subfield><subfield code="b">George F. Weaver &amp; John Hise,</subfield><subfield code="c">1841-1843.</subfield></datafield><datafield ind1=" " ind2=" " tag="310"><subfield code="a">Weekly (except last week in May)</subfield></datafield><datafield ind1=" " ind2=" " tag="336"><subfield code="a">text</subfield><subfield code="b">txt</subfield><subfield code="2">rdacontent</subfield></datafield><datafield ind1=" " ind2=" " tag="337"><subfield code="a">computer</subfield><subfield code="b">c</subfield><subfield code="2">rdamedia</subfield></datafield><datafield ind1=" " ind2=" " tag="338"><subfield code="a">online resource</subfield><subfield code="b">cr</subfield><subfield code="2">rdacarrier</subfield></datafield><datafield ind1="1" ind2=" " tag="362"><subfield code="a">Began with v. II, no. 2 (June 4, 1841); ceased with vol. IV, no. 15 (Sept. 29, 1843).</subfield></datafield><datafield ind1=" " ind2=" " tag="515"><subfield code="a">Continues the numbering of Illinois free trader.</subfield></datafield><datafield ind1=" " ind2=" " tag="525"><subfield code="a">Has occasional supplements.</subfield></datafield><datafield ind1=" " ind2=" " tag="530"><subfield code="a">Also issued on microfilm from Bell &amp; Howell, Micro Photo Division.</subfield></datafield><datafield ind1=" " ind2=" " tag="588"><subfield code="a">Description based on print version record.</subfield></datafield><datafield ind1=" " ind2=" " tag="588"><subfield code="a">Latest issue consulted: Vol. IV, no. 15 (September 29, 1843) (Chroniclingamerica.loc.gov, viewed Apr. 24, 2013).</subfield></datafield><datafield ind1=" " ind2="0" tag="651"><subfield code="a">Ottawa (Ill.)</subfield><subfield code="v">Newspapers.</subfield></datafield><datafield ind1=" " ind2="0" tag="651"><subfield code="a">La Salle County (Ill.)</subfield><subfield code="v">Newspapers.</subfield></datafield><datafield ind1=" " ind2="7" tag="655"><subfield code="a">Newspapers.</subfield><subfield code="2">fast</subfield><subfield code="0">(OCoLC)fst01423814</subfield></datafield><datafield ind1=" " ind2="7" tag="651"><subfield code="a">Illinois</subfield><subfield code="z">La Salle County.</subfield><subfield code="2">fast</subfield><subfield code="0">(OCoLC)fst01213234</subfield></datafield><datafield ind1=" " ind2="7" tag="651"><subfield code="a">Illinois</subfield><subfield code="z">Ottawa.</subfield><subfield code="2">fast</subfield><subfield code="0">(OCoLC)fst01226738</subfield></datafield><datafield ind1=" " ind2=" " tag="752"><subfield code="a">United States</subfield><subfield code="b">Illinois</subfield><subfield code="c">La Salle</subfield><subfield code="d">Ottawa.</subfield></datafield><datafield ind1="0" ind2="8" tag="776"><subfield code="i">Originally issued in print:</subfield><subfield code="t">Illinois free trader and LaSalle County commercial advertiser</subfield><subfield code="x">2328-594X</subfield><subfield code="w">(DLC)sn 82014968</subfield><subfield code="w">(OCoLC)8807560</subfield></datafield><datafield ind1="0" ind2="0" tag="780"><subfield code="t">Illinois free trader (Online)</subfield></datafield><datafield ind1="0" ind2="0" tag="785"><subfield code="t">Ottawa free trader (Online)</subfield><subfield code="x">2328-6008</subfield><subfield code="w">(DLC)  2013218762</subfield><subfield code="w">(OCoLC)840686573</subfield></datafield><datafield ind1="4" ind2="1" tag="856"><subfield code="u">http://chroniclingamerica.loc.gov/lccn/sn82014968/issues</subfield></datafield></record>